
% Ejemplo de artículo de conferencia
@inproceedings{borrego2019,
  title={Generating Rules to Filter Candidate Triples for their Correctness Checking by Knowledge Graph Completion Techniques},
  author={Agust{\'i}n Borrego and Daniel Ayala and Inma Hern{\'a}ndez and Carlos R. Rivero and David Ruiz},
  booktitle={{K-CAP}},
  pages={115--122},
  year={2019},
  doi={10.1145/3360901.3364418},
}

% Agrineer
@misc{agrineer,
  title={Agrineer.org Wiki:About},
  author={Agrineer},
  year={2018},
  url={https://www.agrineer.org/wiki/index.php?title=Agrineer.org_Wiki:About}
}

% Intro to Arduino
@misc{arduino,
  title={What is Arduino?},
  author={Arduino},
  year={2021},
  url={https://www.arduino.cc/en/Guide/Introduction/}
}

% Bachelor thesis on PACA
@misc{paca,
  title={Computational applications in agriculture},
  author={Carlos Gregorio Martín Pérez},
  year={2017},
  url={https://riull.ull.es/xmlui/bitstream/handle/915/6207/Aplicaciones\%20computacionales\%20en\%20la\%20agricultura.pdf?sequence=1\&isAllowed=y}
}

% Growbox (arduino)
@misc{growbox,
  title={Arduino GrowBox Controller},
  author={Red Sheep Labs},
  year={2017},
  url={https://www.yarosia.it/arduino-growbox-controller/}
}

% John Deere autonomous tractor
@misc{deere-tractor,
  title={Future of Farming},
  author={John Deere},
  year={2021},
  url={https://www.deere.co.uk/en/agriculture/future-of-farming/}
}

@misc{pir-guide,
  title={PIR sensor guide},
  author={Lady Ada},
  year={2020},
  url={https://cdn-learn.adafruit.com/downloads/pdf/pir-passive-infrared-proximity-motion-sensor.pdf\}
}

@misc{dht11-manual,
  title={DHT11 Product Manual},
  author={Aosong Electronics},
  url={http://j5d2v7d7.stackpathcdn.com/wp-content/uploads/2016/04/DHT11.pdf\}
}


@misc{theory-circuit,
  title={Automatic Staircase Light using PIR sensor},
  author={Theory Circuit},
  url={https://theorycircuit.com/automatic-staircase-light-using-pir-sensor\}
}

@misc{echolocation,
  title={What is echolocation and which animals use it?},
  author={Jo Price},
  year={2015},
  url={https://www.discoverwildlife.com/animal-facts/what-is-echolocation\}
}

@misc{ultrasonic-datasheet,
  title={Ultrasonic Distance Sensor},
  author={Parallax},
  year={2008},
  url={https://www.tme.com/Document/c4c911237af2fc20e7253c2c20dd256e/PARALLAX-PING.pdf\}
}

@misc{baud,
  title={Arduino Reference: Serial.begin()},
  author={Arduino.cc},
  year={2020},
  url={https://www.arduino.cc/reference/en/language/functions/communication/serial/begin\}
}

@misc{ldr,
  title={Light Dependent Resistor LDR: Photoresistor},
  author={electronicsnotes},
  url={https://www.electronics-notes.com/articles/electronic_components/resistors/light-dependent-resistor-ldr.php\}
}




